<record><leader>00000cas a2200000 a 4500</leader><controlfield tag="001">13243097</controlfield><controlfield tag="008">860306d18631873txuir ne      0    0eng  </controlfield><datafield ind1=" " ind2=" " tag="010"><subfield code="a">sn 86071187 </subfield></datafield><datafield ind1=" " ind2=" " tag="040"><subfield code="a">DLC</subfield><subfield code="b">eng</subfield><subfield code="c">DLC</subfield><subfield code="d">PPM</subfield><subfield code="d">DLC</subfield><subfield code="d">OCL</subfield><subfield code="d">ONP</subfield><subfield code="d">MGN</subfield><subfield code="d">PPM</subfield><subfield code="d">OBN</subfield><subfield code="d">DLC</subfield><subfield code="d">CRL</subfield><subfield code="d">OCL</subfield><subfield code="d">CVF</subfield><subfield code="d">OCLCO</subfield><subfield code="d">OCLCQ</subfield><subfield code="d">OCLCF</subfield><subfield code="d">DLC</subfield><subfield code="d">CUS</subfield></datafield><datafield ind1=" " ind2=" " tag="012"><subfield code="b">3</subfield></datafield><datafield ind1=" " ind2=" " tag="019"><subfield code="a">11900781</subfield></datafield><datafield ind1=" " ind2=" " tag="042"><subfield code="a">pcc</subfield></datafield><datafield ind1=" " ind2=" " tag="043"><subfield code="a">n-us-tx</subfield></datafield><datafield ind1="0" ind2="0" tag="050"><subfield code="a">Newspaper</subfield></datafield><datafield ind1="1" ind2="4" tag="050"><subfield code="a">AN</subfield></datafield><datafield ind1="0" ind2="0" tag="245"><subfield code="a">Galveston tri-weekly news.</subfield></datafield><datafield ind1="3" ind2=" " tag="246"><subfield code="a">Galveston news</subfield></datafield><datafield ind1=" " ind2=" " tag="260"><subfield code="a">Houston [Tex.] :</subfield><subfield code="b">W. Richardson</subfield></datafield><datafield ind1=" " ind2=" " tag="300"><subfield code="a">v. ;</subfield><subfield code="c">47 cm.</subfield></datafield><datafield ind1=" " ind2=" " tag="310"><subfield code="a">Triweekly</subfield></datafield><datafield ind1="0" ind2=" " tag="362"><subfield code="a">Vol. 22, no. 37 (Sept. 25, 1863)-no. 384 (Dec. 31, 1873).</subfield></datafield><datafield ind1=" " ind2=" " tag="500"><subfield code="a">Published in Galveston, &lt;June 30, 1873&gt;</subfield></datafield><datafield ind1=" " ind2=" " tag="515"><subfield code="a">Published in morning and evening eds., &lt;Sept. 25, 1863-Nov. 13, 1863&gt;; evening ed. published Tues., Thurs., Sat.; morning ed. published Mon., Wed., Fri. and has numbering identical to evening ed. of previous day.</subfield></datafield><datafield ind1=" " ind2=" " tag="530"><subfield code="a">Also issued on microfilm from Microfilm Center, Inc. and Norman Ross.</subfield></datafield><datafield ind1=" " ind2=" " tag="580"><subfield code="a">Published alternately with: News bulletin (Houston, Tex.), &lt;Nov. 20, 1863-Dec. 15, 1864&gt; following cessation of evening ed.; also published in a daily ed.: The Galveston daily news, Feb. 21, 1865-1873; and a weekly ed.: Galveston weekly news.</subfield></datafield><datafield ind1=" " ind2="0" tag="651"><subfield code="a">Galveston (Tex.)</subfield><subfield code="v">Newspapers.</subfield></datafield><datafield ind1=" " ind2="0" tag="651"><subfield code="a">Galveston County (Tex.)</subfield><subfield code="v">Newspapers.</subfield></datafield><datafield ind1=" " ind2="7" tag="651"><subfield code="a">Texas</subfield><subfield code="z">Galveston.</subfield><subfield code="2">fast</subfield><subfield code="0">(OCoLC)fst01212106</subfield></datafield><datafield ind1=" " ind2="7" tag="651"><subfield code="a">Texas</subfield><subfield code="z">Galveston County.</subfield><subfield code="2">fast</subfield><subfield code="0">(OCoLC)fst01207158</subfield></datafield><datafield ind1=" " ind2="7" tag="655"><subfield code="a">Newspapers.</subfield><subfield code="2">fast</subfield><subfield code="0">(OCoLC)fst01423814</subfield></datafield><datafield ind1=" " ind2=" " tag="752"><subfield code="a">United States</subfield><subfield code="b">Texas</subfield><subfield code="c">Galveston</subfield><subfield code="d">Galveston.</subfield></datafield><datafield ind1=" " ind2=" " tag="752"><subfield code="a">United States</subfield><subfield code="b">Texas</subfield><subfield code="c">Harris</subfield><subfield code="d">Houston.</subfield></datafield><datafield ind1="1" ind2=" " tag="775"><subfield code="t">News bulletin (Houston, Tex.)</subfield><subfield code="w">(DLC)sn 84022298</subfield><subfield code="w">(OCoLC)10353770</subfield></datafield><datafield ind1="1" ind2=" " tag="775"><subfield code="t">Galveston daily news</subfield><subfield code="w">(DLC)sn 83008047</subfield><subfield code="w">(OCoLC)9690957</subfield></datafield><datafield ind1="1" ind2=" " tag="775"><subfield code="t">Galveston weekly news</subfield><subfield code="w">(DLC)sn 83025732</subfield><subfield code="w">(OCoLC)9787951</subfield></datafield><datafield ind1="0" ind2="0" tag="780"><subfield code="t">Tri-weekly news (Houston, Tex. : 1861)</subfield><subfield code="w">(DLC)sn 83026369</subfield><subfield code="w">(OCoLC)9897839</subfield></datafield><datafield ind1="4" ind2="1" tag="856"><subfield code="3">05/31/1869 to 12/31/1873</subfield><subfield code="u">http://infoweb.newsbank.com/?db=EANX&amp;s_browseRef=decades/10EEA6571194FA00/all.xml</subfield></datafield></record>